@PREAMBLE{
 "\providecommand{\noopsort}[1]{}" 
 # "\providecommand{\singleletter}[1]{#1}%" 
}

@article{abeles_propagation_1948,
  doi = {10.1051/anphys/194812030504},
  volume = {12},
  number = {3},
  url = {https://doi.org/10.1051/anphys/194812030504},
  journal = {Ann. Phys.},
  pages = {504--520},
  author = "Abel\`{e}s, F.",
  title = {{S}ur la propagation des ondes \'{e}lectromagn\'{e}tiques dans les mulieux sratifi\'{e}s},
  year = {1948}
}

@article{armen_phospholipid_1998,
  doi = {10.1016/S0006-3495(98)77563-0},
  volume = {75},
  number = {2},
  url = {https://doi.org/10.1016/S0006-3495(98)77563-0},
  journal = {Biophys. J.},
  pages = {734--744},
  author = {Armen, R. S. and Uitto, O. D. and Feller, S. E.},
  title = {{P}hospholipid {C}omponent {V}olumes: {D}etermination and {A}pplication to {B}ilayer {S}tructure {C}alculations},
  year = {1998}
}

@article{balgavy_evaluation_2001,
  volume = {51},
  number = {1},
  journal = {Acta. Phys. Slovaca},
  pages = {53--68},
  author = "Balgav\'{y}, P. and Ku\v{c}erka, N and Gordeliy, V. I. and Cherezov, V. G.",
  title = {{E}valuation of small-angle neutron scattering curves of unilamellar phosphatidylcholine liposomes using a multishell model of bilayer neutron scattering length density},
  year = {2001}
}

@article{bayes_essay_1763,
  doi = {10.1098/rstl.1763.0053},
  volume = {53},
  url = {https://doi.org/10.1098/rstl.1763.0053},
  journal = {Phil. Trans. Roy. Soc.},
  pages = {370--418},
  author = {Bayes, T.},
  title = {{A}n essay towards solving a {P}roblem in the {D}octrine of {C}hances},
  year = {1763}
}

@article{braslau_surface_1985,
  doi = {10.1103/PhysRevLett.54.114},
  volume = {54},
  number = {2},
  url = {https://doi.org/10.1103/PhysRevLett.54.114},
  journal = {Phys. Rev. Lett.},
  pages = {114--117},
  author = {Braslau, A. and Deutsch, M. and Pershan, P. S. and Weiss, A. H. and Als-Nielsen, J. and Bohr, J.},
  title = {{S}urface {R}oughness of {W}ater {M}easured by {X}-{R}ay {R}eflectivity},
  year = {1985}
}

@article{brezesinski_xray_2001,
  doi = {10.1016/S0009-3084(01)00135-9},
  volume = {110},
  number = {2},
  url = {https://doi.org/10.1016/S0009-3084(01)00135-9},
  journal = {Chem. Phys. Lipids},
  pages = {183--194},
  author = {Brezesinski, G. and M\"{u}ller, H. J. and Toca-Herrera, J. L. and Krustev, R.},
  title = {{X}-ray diffraction and foam film investigations of {PC} head group interaction in water/ethanol mixtures},
  year = {2001}
}

@article{campbell_structure_2018,
  doi = {10.1016/j.jcis.2018.07.022},
  volume = {531},
  url = {https://doi.org/10.1016/j.jcis.2018.07.022},
  journal = {J. Colloid Interface Sci.},
  pages = {98--108},
  author = {Campbell, R. A. and Saaka, Y. and Shao, Y. and Gerelli, Y. and Cubitt, R. and Nazaruk, E. and Matyszewska, D. and Lawrence, M. J.},
  title = {{S}tructure of surfactant and phospholipid monolayers at the air/water interface modeled from neutron reflectivity data},
  year = {2018}
}

@article{clifton_self_2019,
  doi = {10.1021/acs.langmuir.9b02350},
  volume = {35},
  number = {42},
  url = {https://doi.org/10.1021/acs.langmuir.9b02350},
  journal = {Langmuir},
  pages = {13735--13744},
  author = {Clifton, L. A. and Paracini, N. and Hughes, A. V. and Lakey, J. H. and Steinke, N.-J. and Cooper, J. F. K. and Gavutis, M. and Skoda, M. W. A.},
  title = {{S}elf-{A}ssembled {F}luid {P}hase {F}loating {M}embranes with {T}unable {W}ater {I}nterlayers},
  year = {2019}
}

@article{cornish_tests_2007,
  doi = {10.1103/PhysRevD.76.083006},
  volume = {76},
  number = {8},
  url = {https://doi.org/10.1103/PhysRevD.76.083006},
  journal = {Phys. Rev. D},
  pages = {083006--083011},
  author = {Cornish, N. J. and Littenberg, T. B.},
  title = {{T}ests of {B}ayesian model selection techniques for gravitational wave astronomy},
  year = {2007}
}

@article{dewolf_phase_1999,
  doi = {10.1016/S0009-3084(98)00104-2},
  volume = {97},
  number = {2},
  url = {https://doi.org/10.1016/S0009-3084(98)00104-2},
  journal = {Chem. Phys. Lipids},
  pages = {129--138},
  author = {De{Wolf}, C. and Leporatti, S. and Kirsch, C. and Klinger, R. and Brezesinski, G.},
  title = {{P}hase separation in phosphatidylinositol/phosphatidylcholine mixed monolayers},
  year = {1999}
}

@article{ensign_bayesian_2010,
  doi = {10.1021/jp906786b},
  volume = {114},
  number = {1},
  url = {https://doi.org/10.1021/jp906786b},
  journal = {J. Phys. Chem. B},
  pages = {280--292},
  author = {Ensign, D. L. and Pande, V. S.},
  title = {{B}ayesian {D}etection of {I}ntensity {C}hanges in {S}ingle {M}olecule and {M}olecular {D}ynamics {T}rajectories},
  year = {2010}
}

@article{fiedeldey_proposal_1992,
  doi = {10.1016/0375-9601(92)90885-P},
  volume = {170},
  number = {5}, 
  url = {https://doi.org/10.1016/0375-9601(92)90885-P},
  journal = {Phys. Lett. A},
  pages = {347--351},
  author = {Fiedeldey, H. and Lipperheide, R. and Leeb, H. and Sofianos, S. A.},
  title = {{A} proposal for the determination of the phases in specular neutron reflection},
  year = {1992}
}

@article{geoghegan_experimental_1996,
  doi = {10.1103/PhysRevE.53.825},
  volume = {53},
  number = {1},
  url = {https://doi.org/10.1103/PhysRevE.53.825},
  journal = {Thin Solid Films},
  pages = {825--837},
  author = {Geoghagan, M. and Jones, R. A. L. and Sivia, D. S. and Penfold, J. and Clough, A. S.},
  title = {{E}xperimental study of surface segregation and wetting in films of a partially miscible polymer blend},
  year = {1996}
}

@article{gerelli_aurore_2016,
  doi = {10.1107/S1600576716000108},
  volume = {49},
  number = {1},
  url = {https://doi.org/10.1107/S1600576716000108},
  journal = {J. Appl. Crystallogr.},
  pages = {330--339},
  author = {Gerelli, Y.},
  title = {{A}urore: new software for neutron reflectivity data analysis},
  year = {2016}
}

@article{gerelli_aurore_2016b,
  doi = {10.1107/S1600576716002466},
  volume = {49},
  number = {2},
  url = {https://doi.org/10.1107/S1600576716002466},
  journal = {J. Appl. Crystallogr.},
  pages = {712},
  author = {Gerelli, Y.},
  title = {{A}urore: new software for neutron reflectivity data analysis. Corrigendum},
  year = {2016}
}

@article{haan_genetic_1994,
  doi = {10.1016/0921-4526(94)90118-X},
  volume = {198},
  number = {1--3},
  url = {https://doi.org/10.1016/0921-4526(94)90118-X},
  journal = {Physica B},
  pages = {24--26},
  author = {de Haan, V.-O. and Drijkoningen, G. G.},
  title = {{G}enetic algorithms used in model finding and fitting for neutron reflection experiments},
  year = {1994}
}

@article{haan_retrieval_1995,
  doi = {10.1103/PhysRevB.52.10831},
  volume = {52},
  number = {15},
  url = {https://doi.org/10.1103/PhysRevB.52.10831},
  journal = {Phys. Rev. B},
  pages = {10831--10833},
  author = {de Haan, V.-O. and van Well, A. A. and Adenwalla, S. and Felcher, G. P.},
  title = {{R}etrieval of phase information in neutron reflectometry},
  year = {1995}
}

@incollection{heinrich_deuteration_2016,
  title = {{D}euteration in {B}iological {N}eutron {R}eflectometry},
  editor = {Kelman, Z.},
  series = {Methods in Enzymology},
  publisher = {Academic Press},
  volume = {566},
  pages = {211--230},
  year = {2016},
  booktitle = {Isotope Labeling of Biomolecules - Applications},
  doi = {10.1016/bs.mie.2015.05.019},
  url = {https://doi.org/10.1016/bs.mie.2015.05.019},
  author = {Heinrich, F.}
}

@article{heinrich_zooming_2014,
  doi = {10.1016/j.bbamem.2014.03.007},
  volume = {1838},
  number = {9}, 
  url = {https://doi.org/10.1016/j.bbamem.2014.03.007},
  journal = {BBA-Biomembranes},
  pages = {2341--2449},
  author = {Heinrich, F. and L\"{o}sche, M.},
  title = {{Z}ooming in on disordered systems: {N}eutron reflection studies of proteins associated with fluid membranes},
  year = {2014}
}

@article{hollinshead_effects_2009,
  doi = {10.1021/la8028319},
  volume = {25},
  number = {7},
  url = {https://doi.org/10.1021/la8028319},
  journal = {Langmuir},
  pages = {4070--4077},
  author = {Hollinshead, C. M. and Harvey, R. D. and Barlow, D. J. and Webster, J. R. P. and Hughes, A. V. and Weston, A. and Lawrence, M. J.},
  title = {{E}ffects of {S}urface {P}ressure on the {S}tructure of {D}istearoylphosphatidylcholine {M}onolayers {F}ormed at the {A}ir/{W}ater {I}nterface},
  year = {2009}
}

@misc{hughes_rascal_2017,
  title = {RasCAL Sourceforge},
  howpublished = {\url{https://sourceforge.net/projects/rscl/}},
  note = {Accessed: 2019-10-09},
  year = {2017},
  author = {Hughes, A. V.}
}

@article{hughes_physical_2019,
  doi = {10.1016/j.bpj.2019.02.001},
  volume = {116},
  number = {6},
  url = {https://doi.org/10.1016/j.bpj.2019.02.001},
  journal = {Biophys. J.},
  pages = {1095--1104},
  author = {Hughes, A. V. and Patel, D. S. and Widmalm, G. and Klauda, J. B. and Clifton, L. A. and Im, W.},
  title = {{P}hysical {P}roperties of {B}acterial {O}uter {M}embrane {M}odels: {N}eutron {R}eflectometry \& {M}olecular {S}imulation},
  year = {2019}
}

@article{kass_bayes_1995,
  doi = {10.2307/2291091},
  volume = {90},
  number = {430},
  url = {https://doi.org/10.2307/2291091},
  journal = {J. Am. Stat. Assoc.},
  pages = {773--795},
  author = {Kass, R. E. and Raftery, A. E.},
  title = {{B}ayes {F}actors},
  year = {1995}
}

@misc{kienzle_ncnr_2017,
  title = {{NCNR} Reflectometry Software},
  howpublished = {\url{https://www.nist.gov/ncnr/reflectometry-software}},
  note = {Accessed: 2019-09-15},
  year = {2017},
  author = {Kienzle, P. A. and Maranville, B. B. and O'Donovan, K. V. and Ankner, J. F. and Berk, N. K. and Majkrzak, C. F.}
}

@article{kirby_phase_2012,
  doi = {10.1016/j.cocis.2011.11.001},
  volume = {17},
  number = {1},
  url = {https://doi.org/10.1016/j.cocis.2011.11.001},
  journal = {Curr. Opin. Colloid Interface Sci},
  pages = {44--53},
  author = {Kirby, B. J. and Kienzle, P. A. and Maranville, B. B. and Berk, N. F. and Krycka, J. and Heinrich, F. and Majkrzak, C. F.},
  title = {{P}hase-sensitive specular neutron reflectometry for imaging the nanometer scale composition depth profile of thin-film materials},
  year = {2012}
}

@article{kucerka_determination_2004,
  doi = {10.1007/s00249-003-0349-0},
  volume = {33},
  number = {4},
  url = {https://doi.org/10.1007/s00249-003-0349-0},
  journal = {Eur. Biophys. J.},
  pages = {328--334},
  author = "Ku\v{c}erka, N. and Kiselev, M. A. and Balgav\'{y}, P.",
  title = {{D}etermination of bilayer thickness and lipid surface area in unilamellar dimyristoylphosphatidylcholine vesicles from small-angle neutron scattering curves: a comparison of evaluation methods},
  year = {2004}
}

@article{klibanov_phaseless_1992,
  doi = {10.1063/1.529990},
  volume = {33},
  number = {11}, 
  url = {https://doi.org/10.1063/1.529990},
  journal = {J. Math. Phys.},
  pages = {3813--3821},
  author = {Klibanov, M. V. and Sacks, P. E.},
  title = {{P}haseless inverse scattering and the phase problem in optics},
  year = {1992}
}

@article{klibanov_use_1994,
  doi = {10.1006/jcph.1994.1099},
  volume = {112},
  number = {2}, 
  url = {https://doi.org/10.1006/jcph.1994.1099},
  journal = {J. Comp. Phys.},
  pages = {273--281},
  author = {Klibanov, M. V. and Sacks, P. E.},
  title = {{U}se of {P}artial {K}nowledge of the {P}otential in the {P}hase {P}roblem of {I}nverse {S}cattering},
  year = {1994}
}

@article{koutsioubas_model_2019,
  doi = {10.1107/S1600576719003534},
  volume = {52},
  number = {3}, 
  url = {https://doi.org/10.1107/S1600576719003534},
  journal = {J. Appl. Crystallogr.},
  pages = {538--547},
  author = {Koutsioubas, A.},
  title = {{M}odel-independent recovery of interfacial structure from multi-contrast neutron reflectivity data},
  year = {2019}
}

@article{leeb_reflectometry_1998,
  doi = {10.1016/S0921-4526(97)00801-6},
  volume = {241--243},
  url = {https://doi.org/10.1016/S0921-4526(97)00801-6},
  journal = {Physica B},
  pages = {1098--1100},
  author = {Leeb, H. and Kasper, J. and Lipperheide, R.},
  title = {{R}eflectometry with polarized neutrons and the phase problem},
  year = {1998}
}

@article{lee_comparison_2007,
  doi = {10.1107/S0021889807032207},
  volume = {40},
  number = {3}, 
  url = {https://doi.org/10.1107/S0021889807032207},
  journal = {J. Appl. Crystallogr.},
  pages = {820--833},
  author = {van der Lee, A. and Salah, F. and Harzallah, B.},
  title = {{A} comparison of modern data analysis methods for {X}-ray and neutron specular reflectivity data},
  year = {2007}
}

@article{lee_introducting_1962, 
  volume={15}, 
  journal={Amazing Fantasy (Marvel Comics)}, 
  author={Lee, S. and Ditko, S.}, 
  title={{I}ntroducing {S}piderman}, 
  year={1962}
}

@article{leeb_determination_1998,
  doi = {10.1016/S0375-9601(97)00972-9},
  volume = {239},
  number = {3}, 
  url = {https://doi.org/10.1016/S0375-9601(97)00972-9},
  journal = {Phys. Lett. A},
  pages = {147--152},
  author = {Leeb, H. and Kasper, J. and Lipperheide, R.},
  title = {{D}etermination of the phase in neutron reflectometry by polarization measurements},
  year = {1998}
}

@article{li_some_1998,
  doi = {10.1016/S0921-4526(98)00227-0},
  volume = {248},
  number = {1--4},
  url = {https://doi.org/10.1016/S0921-4526(98)00227-0},
  journal = {Physica B},
  pages = {171--183},
  author = {Li, Z. X. and Thirtle, P. N. and Thomas, R. K. and Penfold, J. and Webster, J. R. P. and Rennie, A. R.},
  title = {{S}ome improvements and extensions of the application of specular neutron reflection to the study of interfaces},
  year = {1998}
}

@article{mayer_drawing_2010,
  doi = {10.1119/1.3254017},
  volume = {78},
  number = {6},
  url = {https://doi.org/10.1119/1.3254017},
  journal = {Am. J. Phys.},
  pages = {648--649},
  author = {Mayer, J. and Khairy, K. and Howard, J.},
  title = {{D}rawing an elephant with four complex parameters},
  year = {2010}
}

@article{majkrzak_exact_1995,
  doi = {10.1103/PhysRevB.52.10827},
  volume = {52},
  number = {15},
  url = {https://doi.org/10.1103/PhysRevB.52.10827},
  journal = {Phys. Rev. B},
  pages = {10827--10830},
  author = {Majkrzak, C. F. and Berk, N. F.},
  title = {{E}xact determination of the phase in neutron reflectometry},
  year = {1995}
}

@article{majkrzak_exact_1998,
  doi = {10.1103/PhysRevB.58.15416},
  volume = {58},
  number = {15},
  url = {https://doi.org/10.1103/PhysRevB.58.15416},
  journal = {Phys. Rev. B},
  pages = {15416--15418},
  author = {Majkrzak, C. F. and Berk, N. F.},
  title = {{E}xact determination of the phase in neutron reflectometry by variation of the surrounding media},
  year = {1995}
}

@article{majkrzak_first_2000,
  doi = {10.1016/S0006-3495(00)76564-7},
  volume = {79},
  number = {6},
  url = {https://doi.org/10.1016/S0006-3495(00)76564-7},
  journal = {Biophys. J.},
  pages = {3330--3340},
  author = {Majkrzak, C. F. and Berk, N. F. and Kreuger, S. and Dura, J. A. and Tarek, M. and Tobias, D. and Silin, V. and Meuse, C. W. Woodward, J. and Plant, A. L.},
  title = {{F}irst-{P}rinciples {D}etermination of {H}ybrid {B}ilayer {M}embrane {S}tructure by {P}hase-{S}ensitive {N}eutron {R}eflectometry},
  year = {2000}
}

@article{majkrzak_phase_2003,
  doi = {10.1021/la0341254},
  volume = {19},
  number = {19},
  url = {https://doi.org/10.1021/la0341254},
  journal = {Phys. Rev. B},
  pages = {7796--7810},
  author = {Majkrzak, C. F. and Berk, N. F. and Perez-Salas, U. A.},
  title = {{P}hase-{S}ensitive {N}eutron {R}eflectometry},
  year = {2003}
}

@article{mccluskey_assessing_2019,
  doi = {10.1088/2399-6528/ab12a9},
  volume = {3},
  number = {7},
  url = {https://doi.org/10.1088/2399-6528/ab12a9},
  journal = {J. Phys. Comm.},
  pages = {075001},
  author = {McCluskey, A. R. and Grant, J. and Smith, A. J. and Rawle, J. L. and Barlow, D. J. and Lawrence, M. J. and Parker, S. C. and Edler, K. J.},
  title = {{A}ssessing molecular simulation for the analysis of lipid monolayer reflectometry},
  year = {2019}
}

@article{mccluskey_bayesian_2019,
  doi = {10.1039/C9CP00203K},
  volume = {21},
  number = {11},
  url = {https://doi.org/10.1039/C9CP00203K},
  journal = {Phys. Chem, Chem. Phys.},
  pages = {6133--6141},
  author = {McCluskey, A. R. and Sanchez-Fernandez, A. and Edler, K. J. and Parker, S. C. and Jackson, A. J. and Campbell, R. A. and Arnold, T.},
  title = {{B}ayesian determination of the effect of a deep eutectic solvent on the structure of lipid monolayers},
  year = {2019}
}

@article{nelson_motofit_2006,
  doi = {10.1107/S0021889806005073},
  volume = {39},
  number = {2},
  url = {https://doi.org/10.1107/S0021889806005073},
  journal = {J. Appl. Crystallogr.},
  pages = {273--276},
  author = {Nelson, A. R. J.},
  title = {{C}o-refinement of multiple-contrast neutron/{X}-ray reflectivity data using {MOTOFIT}},
  year = {2006}
}

@article{nelson_refnx_2019,
  doi = {10.1107/S1600576718017296},
  volume = {52},
  number = {1},
  url = {https://doi.org/10.1107/S1600576718017296},
  journal = {J. Appl. Crystallogr.},
  pages = {193--200},
  author = {Nelson, A. R. J. and Prescott, S. W.},
  title = {refnx: neutron and {X}-ray reflectometry analysis in {P}ython},
  year = {2019}
}

@article{nevot_caracterisation_1980,
  doi = {10.1051/rphysap:01980001503076100},
  number = {3},
  volume = {15},
  url = {https://doi.org/10.1051/rphysap:01980001503076100},
  journal = {Rev. Phys. Appl. (Paris)},
  pages = {761--779},
  author = {N\'{e}vot, L. and Croce, P.},
  title = "{C}aract\'{e}risation des surfaces par r\'{e}flexion rasante de rayons X. Application \`{a} l'\'{e}tude du polissage de quelques verres silicates",
  year = {1980}
}

@article{nikova_novel_2019,
  doi = {10.1088/1742-6596/1389/1/012153},
  volume = {1389},
  url = {https://doi.org/10.1088/1742-6596/1389/1/012153},
  journal = {J. Phys.: Conf. Ser.},
  pages = {012153},
  author = {Nikova, E. S. and Salamatov, Y. A. and Kravtsov, E. A. and Ustinov, V. V.},
  title = {{N}ovel method of phase determination in neutron reflectometry using reference layer},
  year = {2019}
}

@article{parratt_surface_1954,
  doi = {10.1103/PhysRev.95.359},
  volume = {95},
  number = {2},
  url = {https://doi.org/10.1103/PhysRev.95.359},
  journal = {Phys. Rev.},
  pages = {359--369},
  author = {Parratt, L. G.},
  title = {{S}urface {S}tudies of {S}olids by {T}otal {R}eflection of {X}-rays},
  year = {1954}
}

@article{pedersen_analysis_1994,
  doi = {10.1016/0921-4526(94)90117-1},
  volume = {198},
  number = {1--3},
  url = {https://doi.org/10.1016/0921-4526(94)90117-1},
  journal = {Physica B},
  pages = {16--23},
  author = {Pedersen, J. S. and Hamley, I. W.},
  title = {{A}nalysis of neutron and {X}-ray reflectivity data by constrained least-squares methods},
  year = {1994}
}

@article{perez_determination_2019,
  doi = {10.1021/acsami.9b02700},
  volume = {11},
  number = {14},
  url = {https://doi.org/10.1021/acsami.9b02700},
  journal = {ACS Appl. Mater. Interfaces},
  pages = {13803--13811},
  author = {P\'{e}rez, G. E. and Bernardo, G. and Gaspar, H. and Cooper, J. F. K. and Bastianini, F. and Parnell, A. J. and Dunbar, A. D. F.},
  title = {{D}etermination of the {T}hin-{F}ilm {S}tructure of {Z}witterion-{D}oped {P}oly(3,4-ethylenedioxythiophene):{P}oly(styrenesulfonate): {A} {N}eutron {R}eflectivity {S}tudy},
  year = {2019}
}

@article{pullen_bayesian_2014,
  doi = {10.1371/journal.pone.0088419},
  volume = {9},
  number = {2},
  url = {https://doi.org/10.1371/journal.pone.0088419},
  journal = {PLOS ONE},
  pages = {e88419},
  author = {Pullen, N. and Morris, R. J.},
  title = {{B}ayesian {M}odel {C}omparison and {P}arameter {I}nference in {S}ystems {B}iology {U}sing {N}ested {S}ampling},
  year = {2014}
}

@misc{refnx_0.1.7_2019, 
   title = {refnx/refnx v0.1.7}, 
   doi = {10.5281/zenodo.3240935}, 
   publisher = {Zenodo}, 
   author = {Nelson, A. and Prescott, S. and Hannum, A. and McCluskey, A. R. and Gresham, I.}, 
   year = {2019}, 
   month = {Jun}
}

@article{schalke_structural_2000,
  doi = {10.1016/S0001-8686(00)00047-6},
  volume = {88},
  number = {1},
  url = {https://doi.org/10.1016/S0001-8686(00)00047-6},
  journal = {Adv. Colloid Interface Sci.},
  pages = {243--274},
  author = {Schalke, M. and L\"{o}sche, M},
  title = {{S}tructural models of lipid surface monolayers from X-ray and neutron reflectivity measurements},
  year = {2000}
}

@article{sinha_xray_1988,
  doi = {10.1103/PhysRevB.38.2297},
  volume = {38},
  number = {4},
  url = {https://doi.org/10.1103/PhysRevB.38.2297},
  journal = {Phys. Rev. B},
  pages = {2297--2311},
  author = {Sinha, S. K. and Sirota, E. B. and Garoff, S. and Stanley, H. B.},
  title = {{X}-ray and neutron scattering from rough surfaces},
  year = {1988}
}

@article{sivia_analysis_1991,
  doi = {10.1016/0921-4526(91)90042-D},
  volume = {173},
  number = {1--2},
  url = {https://doi.org/10.1016/0921-4526(91)90042-D},
  journal = {Physica B},
  pages = {121--138},
  author = {Sivia, D. S. and Hamilton, W. A. and Smith, G. S.},
  title = {{A}nalysis of neutron reflectivity data: maximum entropy, Bayesian spectral analysis and speckle holography},
  year = {1991}
}
 
@article{sivia_bayesian_1998,
  doi = {10.1016/S0921-4526(98)00259-2},
  volume = {248},
  number = {1--4},
  url = {https://doi.org/10.1016/S0921-4526(98)00259-2},
  journal = {Physica B},
  pages = {327--337},
  author = {Sivia, D. S. and Webster, J. R. P.},
  title = {{T}he {B}ayesian approach to reflectivity data},
  year = {1998}
}

@book{sivia_data_2005,
  address = {Oxford, UK},
  title = {Data Analysis: A Bayesian Tutorial},
  publisher = {{Oxford University Press}},
  author = {Sivia, D. S. and Skilling, J.},
  edition = {2},
  year = {2005},
}

@article{sivia_introduction_1993,
  doi = {10.1016/0167-2789(93)90241-R},
  volume = {66},
  number = {1--2},
  url = {https://doi.org/10.1016/0167-2789(93)90241-R},
  journal = {Physica D},
  pages = {234--242},
  author = {Sivia, D. S. and David, W. I. F. and Knight, K. S. and Gull, S. F.},
  title = {{A}n introduction to Bayesian model selection},
  year = {1993}
}

@article{skilling_nested_2006,
  doi = {10.1063/1.1835238},
  volume = {735},
  number = {1},
  url = {https://doi.org/10.1063/1.1835238},
  journal = {AIP Conference Proceedings},
  pages = {395--405},
  author = {Skilling, J.},
  title = {{N}ested {S}ampling},
  year = {2006}
}

@misc{speagle_dynesty_2019,
  author = {Joshua S Speagle},
  title = {dynesty: {A} {D}ynamic {N}ested {S}ampling {P}ackage for {E}stimating {B}ayesian {P}osteriors and {E}vidences},
  year = {2019},
  eprint = {arXiv:1904.02180},
}

@article{sun_order_1994,
  doi = {10.1103/PhysRevE.49.4665},
  volume = {49},
  number = {5},
  url = {https://doi.org/10.1103/PhysRevE.49.4665},
  journal = {Phys. Rev. Lett.},
  pages = {4665--4676},
  author = {Sun, W.-J. and Suter, R. M. and Knewtson, M. A. and Worthington, C. R. and Tristram-Nagle, S. and Zhang, R. and Nagle, J. F.},
  title = {{O}rder and disorder in fully hydrated unoriented bilayers of gel-phase dipalmitoylphosphatidylcholine},
  year = {1994}
}

@article{struth_organization_2001,
  doi = {10.1103/PhysRevLett.88.025502},
  volume = {88},
  number = {2},
  url = {https://doi.org/10.1103/PhysRevLett.88.025502},
  journal = {Phys. Rev. Lett.},
  pages = {025502},
  author = {Struth, B. and Rieutord, F. and Konovalov, O. and Brezesinski, G. and Gr\"{u}bel, G. and Terech, P.},
  title = {{O}rganization of {T}wo-{D}imensional {P}hospholipid {M}onolayers on a {G}el-{F}orming {S}ubstrate},
  year = {2001}
}

@book{tanford_hydrophobic_1980,
  address = {{New York, USA}},
  title = {The {{Hydrophobic Effect}}: {{Formation}} of {{Micelles}} and {{Biological Membranes}}},
  edition = {2},
  publisher = {{John Wiley \& Sons}},
  year = {1980},
  author = {Tanford, C.}
}

@article{tikhonov_xray_2000,
  doi = {10.1021/jp001377u},
  volume = {104},
  number = {27},
  url = {https://doi.org/10.1021/jp001377u},
  journal = {J. Phys. Chem. B},
  pages = {6336--6339},
  author = {Tikhonov, A. M. and Mitrinovic, D. M. and Li, M. and Huang, Z. and Schlossman, M. L.},
  title = {An {X}-ray {R}eflectivity {S}tudy of the {W}ater-{D}ocosane {I}nterface},
  year = {2000}
}

@article{waldie_localization_2018,
  doi = {10.1021/acs.langmuir.7b02716},
  volume = {34},
  number = {1},
  url = {https://doi.org/10.1021/acs.langmuir.7b02716},
  journal = {Langmuir},
  pages = {472--479},
  author = {Waldie, S. and Lind, T. K. and Browning, K. and Moulin, M and Haertlein, M. and Forsyth, V. T. and Luchini, A. and Strohmeier, G. A. and Pichler, H. and Maric, S. and C\'{a}rdenas, M.},
  title = {{L}ocalization of {C}holesterol within {S}upported {L}ipid {B}ilayers {M}ade of a {N}atural {E}xtract of {T}ailor-{D}euterated {P}hosphatidylcholine},
  year = {2018}
}