@FOOTNOTE{Note1,key="Note1",note="In this work, a reduced notation has been used, where the background information parameter, $I$ is implied."}
@FOOTNOTE{Note2,key="Note2",note="These values are tabulated in Table~S1."}
@CONTROL{REVTEX41Control}
@CONTROL{apsrev41Control,author="08",editor="1",pages="0",title="",year="1"}
